<?xml version="1.0" encoding="UTF-8"?><collection xmlns="http://www.loc.gov/MARC21/slim"><record><leader>00508nam--2200181-i-4500</leader><controlfield tag="001">000010876</controlfield><controlfield tag="002">20161230</controlfield><controlfield tag="005">20170102001205</controlfield><controlfield tag="008">060222s1000------------r-----000-0-eng-d</controlfield><datafield ind1=" " ind2=" " tag="040"><subfield code="a">IFIN-HH</subfield></datafield><datafield ind1=" " ind2=" " tag="080"><subfield code="a">539.126.6</subfield></datafield><datafield ind1="1" ind2=" " tag="100"><subfield code="a">De Alfaro, V</subfield></datafield><datafield ind1="1" ind2="0" tag="245"><subfield code="a">Currents in hadron physics</subfield><subfield code="c">V. De Alfaro, S. Fubini, G. Furlan, C. Rossetti</subfield></datafield><datafield ind1=" " ind2=" " tag="260"><subfield code="a">Amsterdam</subfield><subfield code="b">North-Holland Publishing Company</subfield><subfield code="c">1983</subfield></datafield><datafield ind1=" " ind2=" " tag="300"><subfield code="a">XXVI+874P</subfield></datafield><datafield ind1="1" ind2=" " tag="700"><subfield code="a">Rossetti, C</subfield></datafield><datafield ind1=" " ind2=" " tag="852"><subfield code="a">39864</subfield><subfield code="c">539.12</subfield></datafield><datafield ind1=" " ind2=" " tag="CAT"><subfield code="a">SYS</subfield><subfield code="c">20170102</subfield><subfield code="h">001205</subfield></datafield></record></collection>